<?xml version="1.0" encoding="UTF-8"?><record xmlns="http://www.loc.gov/MARC21/slim" xmlns:cinclude="http://apache.org/cocoon/include/1.0" xmlns:zs="http://www.loc.gov/zing/srw/">
  <leader>00993cz  a2200181n  4500</leader>
  <controlfield tag="001">n  80008325 </controlfield>
  <controlfield tag="003">DLC</controlfield>
  <controlfield tag="005">20120801080550.0</controlfield>
  <controlfield tag="008">800212n| acannaabn          |b aaa      </controlfield>
  <datafield tag="010" ind1=" " ind2=" ">
    <subfield code="a">n  80008325 </subfield>
  </datafield>
  <datafield tag="035" ind1=" " ind2=" ">
    <subfield code="a">(OCoLC)oca00390889</subfield>
  </datafield>
  <datafield tag="040" ind1=" " ind2=" ">
    <subfield code="a">DLC</subfield>
    <subfield code="b">eng</subfield>
    <subfield code="c">DLC</subfield>
    <subfield code="d">OCoLC</subfield>
    <subfield code="d">DLC</subfield>
  </datafield>
  <datafield tag="100" ind1="1" ind2=" ">
    <subfield code="a">Albemarle, George Thomas Keppel,</subfield>
    <subfield code="c">Earl of,</subfield>
    <subfield code="d">1799-1891.</subfield>
    <subfield code="t">Personal narrative of travels in Babylonia, Assyria, Media, and Scythia</subfield>
  </datafield>
  <datafield tag="400" ind1="1" ind2=" ">
    <subfield code="a">Albemarle, George Thomas Keppel,</subfield>
    <subfield code="c">6th Earl of,</subfield>
    <subfield code="d">1799-1891.</subfield>
    <subfield code="t">Personal narrative of travels in Babylonia, Assyria, Media, and Scythia</subfield>
  </datafield>
  <datafield tag="400" ind1="1" ind2=" ">
    <subfield code="w">nnaa</subfield>
    <subfield code="a">Albermarle, George Thomas Keppel,</subfield>
    <subfield code="c">6th Earl of,</subfield>
    <subfield code="d">1799-1891.</subfield>
    <subfield code="t">Personal narrative of a journey from India to England</subfield>
  </datafield>
  <datafield tag="667" ind1=" " ind2=" ">
    <subfield code="a">THIS 1XX FIELD CANNOT BE USED UNDER RDA UNTIL THIS RECORD HAS BEEN REVIEWED AND/OR UPDATED</subfield>
  </datafield>
  <datafield tag="670" ind1=" " ind2=" ">
    <subfield code="a">His Personal narrative of a journey from India to England ... 2d ed., 1827.</subfield>
  </datafield>
  <datafield tag="670" ind1=" " ind2=" ">
    <subfield code="a">His Personal narrative of travels in Babylonia, Assyria, Media, and Scythia ... 3d ed., 1827.</subfield>
  </datafield>
</record>